%% This BibTeX bibliography file was created using BibDesk.
%% http://bibdesk.sourceforge.net/


%% Created for Lauro Cesar Araujo at 2015-04-27 19:43:45 -0300 


%% Saved with string encoding Unicode (UTF-8) 




@inproceedings{impedovo2008handwritten,
  title={Handwritten signature and speech: preliminary experiments on multiple source and classifiers for personal identity verification},
  author={Impedovo, Donato and Pirlo, Giuseppe and Refice, Mario},
  booktitle={International Workshop on Computational Forensics},
  pages={181--191},
  year={2008},
  organization={Springer}
}

@book{pirlo2014advances,
  title={{Advances in Digital Handwritten Signature Processing: A Human Artefact for E-society}},
  author={Pirlo, Giuseppe and Impedovo, Donato and Fairhurst, Michael},
  year={2014},
  publisher={World Scientific}
}

@inproceedings{zhang2011survey,
  title={A survey of on-line signature verification},
  author={Zhang, Zhaoxiang and Wang, Kaiyue and Wang, Yunhong},
  booktitle={Chinese Conference on Biometric Recognition},
  pages={141--149},
  year={2011},
  organization={Springer}
}

@article{jain2004biometrics,
  title={An introduction to biometric recognition},
  author={Jain, Anil K and Ross, Arun and Prabhakar, Salil},
  journal={IEEE Transactions on circuits and systems for video technology},
  volume={14},
  number={1},
  pages={4--20},
  year={2004},
  publisher={IEEE}
}

@inproceedings{impedovo2014recent,
  title={Recent advances in offline signature identification},
  author={Impedovo, Donato and Pirlo, Giuseppe and Russo, M},
  booktitle={2014 14th International Conference on Frontiers in Handwriting Recognition},
  year={2014}
}

@article{guler2008different,
  title={A different approach to off-line handwritten signature verification using the optimal dynamic time warping algorithm},
  author={G{\"u}ler, {\.I}nan and Meghdadi, Majid},
  journal={Digital Signal Processing},
  volume={18},
  number={6},
  pages={940--950},
  year={2008},
  publisher={Elsevier}
}

@article{biosecurid,
  title={{BiosecurID: a multimodal biometric database}},
  author={Fierrez, Julian and Galbally, Javier and Ortega-Garcia, Javier and Freire, Manuel R and Alonso-Fernandez, Fernando and Ramos, Daniel and Toledano, Doroteo Torre and Gonzalez-Rodriguez, Joaquin and Siguenza, Juan A and Garrido-Salas, Javier and others},
  journal={Pattern Analysis and Applications},
  volume={13},
  number={2},
  pages={235--246},
  year={2010},
  publisher={Springer}
}

@article{wanda,
  title={{WANDA: A generic Framework applied in Forensic Handwriting Analysis and Writer Identification.}},
  author={Franke, Katrin and Schomaker, Lambert and Veenhuis, Christian and Taubenheim, Christian and Guyon, Isabelle and Vuurpijl, Louis and van Erp, Merijn and Zwarts, Geertje},
  journal={HIS},
  volume={105},
  pages={927--938},
  year={2003}
}

@inproceedings{jarad2014offline,
  title={Offline handwritten signature verification system using a supervised neural network approach},
  author={Jarad, Mujahed and Al-Najdawi, Nijad and Tedmori, Sara},
  booktitle={Computer Science and Information Technology (CSIT), 2014 6th International Conference on},
  pages={189--195},
  year={2014},
  organization={IEEE}
}

@inproceedings{4nsigcomp2012,
  title={{ICFHR 2012 competition on automatic forensic signature verification (4NSIGCOMP 2012)}},
  author={Liwicki, Marcus and Malik, Muhammad Imran and Alewijnse, Linda and van den Heuvel, Elisa and Found, Bryan},
  booktitle={Frontiers in Handwriting Recognition (ICFHR), 2012 International Conference on},
  pages={823--828},
  year={2012},
  organization={IEEE}
}

@inproceedings{ohishi2001pen,
  title={{Pen-input On-line Signature Verification with Position Pressure Inclination Trajectories}},
  author={Ohishi, Tetsu and Komiya, Yoshimitsu and Morita, Hikaru and Matsumoto, Takashi},
  booktitle={Proceedings of the 15th International Parallel \& Distributed Processing Symposium},
  pages={170},
  year={2001},
  organization={IEEE Computer Society}
}

@incollection{wijesoma2001online,
  title={Online handwritten signature verification for electronic commerce over the internet},
  author={Wijesoma, W Sardha and Yue, KW and Chien, KL and Chow, TK},
  booktitle={Web Intelligence: Research and Development},
  pages={227--236},
  year={2001},
  publisher={Springer}
}

@article{impedovo2008state,
  title={Automatic signature verification: the state of the art},
  author={Impedovo, Donato and Pirlo, Giuseppe},
  journal={IEEE Transactions on Systems, Man, and Cybernetics, Part C (Applications and Reviews)},
  volume={38},
  number={5},
  pages={609--635},
  year={2008},
  publisher={IEEE}
}

@ONLINE {wacom2016,
    author = "Wacom",
    title  = "STU-500",
    month  = "jul",
    year   = "2016",
    url    = "http://www.wacom.com/en-us/enterprise/business-solutions/hardware/signature-pads/stu-500"
}

@inproceedings{anoto,
  title={{A signature verification framework for digital pen applications}},
  author={Malik, Muhammad Imran and Ahmed, Sheraz and Dengel, Andreas and Liwicki, Marcus},
  booktitle={Document Analysis Systems (DAS), 2012 10th IAPR International Workshop on},
  pages={419--423},
  year={2012},
  organization={IEEE}
}

@inproceedings{yilmaz2011offline,
  title={Offline signature verification using classifier combination of HOG and LBP features},
  author={Yilmaz, Mustafa Berkay and Yanikoglu, Berrin and Tirkaz, Caglar and Kholmatov, Alisher},
  booktitle={Biometrics (IJCB), 2011 International Joint Conference on},
  pages={1--7},
  year={2011},
  organization={IEEE}
}

@inproceedings{gpds960,
  title={{Off-line handwritten signature GPDS-960 corpus}},
  author={Vargas, J Francisco and Ferrer, Miguel A and Travieso, Carlos M and Alonso, Jes{\'u}s B},
  booktitle={Ninth International Conference on Document Analysis and Recognition (ICDAR 2007)},
  year={2007}
}

@inproceedings{mcyt-75,
  title={An off-line signature verification system based on fusion of local and global information},
  author={Fierrez-Aguilar, Julian and Alonso-Hermira, N and Moreno-Marquez, G and Ortega-Garcia, Javier},
  booktitle={International Workshop on Biometric Authentication},
  pages={295--306},
  year={2004},
  organization={Springer}
}

@article{mcyt-100,
  title={{MCYT baseline corpus: a bimodal biometric database}},
  author={Ortega-Garcia, Javier and Fierrez-Aguilar, J and Simon, D and Gonzalez, J and Faundez-Zanuy, M and Espinosa, V and Satue, A and Hernaez, I and Igarza, J-J and Vivaracho, C and others},
  journal={IEE Proceedings-Vision, Image and Signal Processing},
  volume={150},
  number={6},
  pages={395--401},
  year={2003},
  publisher={IET}
}

@incollection{svc2004,
  title={{SVC2004: First international signature verification competition}},
  author={Yeung, Dit-Yan and Chang, Hong and Xiong, Yimin and George, Susan and Kashi, Ramanujan and Matsumoto, Takashi and Rigoll, Gerhard},
  booktitle={Biometric Authentication},
  pages={16--22},
  year={2004},
  publisher={Springer}
}

@inproceedings{4NSigComp2010-scenario2,
  title={{The 4NSigComp2010 off-line signature verification competition: Scenario 2}},
  author={Blumenstein, Michael and Ferrer, Miguel A and Vargas, JF},
  booktitle={Frontiers in Handwriting Recognition (ICFHR), 2010 International Conference on},
  pages={721--726},
  year={2010},
  organization={IEEE}
}

@inproceedings{4NSigComp2010-scenario1,
  title={{Forensic signature verification competition 4NSigComp2010-detection of simulated and disguised signatures}},
  author={Liwicki, Marcus and van den Heuvel, C Elisa and Found, Bryan and Malik, Muhammad Imran},
  booktitle={Frontiers in Handwriting Recognition (ICFHR), 2010 International Conference on},
  pages={715--720},
  year={2010},
  organization={IEEE}
}

@article{utsig,
  title={{UTSig: A Persian Offline Signature Dataset}},
  author={Soleimani, Amir and Fouladi, Kazim and Araabi, Babak N},
  journal={arXiv preprint arXiv:1603.03235},
  year={2016}
}

@inproceedings{gpdssynthetic,
  title={Synthetic off-line signature image generation},
  author={Ferrer, Miguel A and Diaz-Cabrera, Moises and Morales, Aythami},
  booktitle={2013 International Conference on Biometrics (ICB)},
  pages={1--7},
  year={2013},
  organization={IEEE}
}

@article{myidea,
  title={{MyIDea-multimodal biometrics database, description of acquisition protocols}},
  author={Dumas, Bruno and Pugin, Catherine and Hennebert, Jean and Petrovska-Delacr{\'e}taz, Dijana and Humm, Andreas and Ev{\'e}quoz, Florian and Ingold, Rolf and Von Rotz, Didier},
  journal={Proc. Third COST},
  volume={275},
  pages={59--62},
  year={2005}
}

@article{sigcomp2009,
  title={{The ICDAR 2009 signature verification competition}},
  author={van den Heuvel, CE and Franke, K and Vuurpijl, L},
  journal={ICDAR2009 proceedings},
  year={2009}
}

@inproceedings{sid,
  title={{SID Signature Database: A Tunisian Off-line Handwritten Signature Database}},
  author={Abdelghani, Imen Abroug Ben and Amara, Najoua Essoukri Ben},
  booktitle={International Conference on Image Analysis and Processing},
  pages={131--139},
  year={2013},
  organization={Springer}
}

@inproceedings{sigma,
  title={{SIGMA-A Malaysian signaturesâ€™ database}},
  author={Ahmad, Sharifah Mumtazah Syed and Shakil, Asma and Ahmad, Abdul Rahim and Balbed, Mustafa Agil Muhamad and Anwar, Rina Md},
  booktitle={2008 IEEE/ACS International Conference on Computer Systems and Applications},
  pages={919--920},
  year={2008},
  organization={IEEE}
}

@inproceedings{sigcomp2011,
  title={{Signature verification competition for online and offline skilled forgeries (SigComp2011)}},
  author={Liwicki, Marcus and Malik, Muhammad Imran and van den Heuvel, C Elisa and Chen, Xiaohong and Berger, Charles and Stoel, Reinoud and Blumenstein, Michael and Found, Bryan},
  booktitle={2011 International Conference on Document Analysis and Recognition},
  pages={1480--1484},
  year={2011},
  organization={IEEE}
}

@inproceedings{sigwicomp2013,
  title={{ICDAR 2013 Competitions on Signature Verification and Writer Identification for On- and Offline Skilled Forgeries (SigWiComp 2013)}},
  author={Malik, Muhammad Imran and Liwicki, Marcus and Alewijnse, Linda and Ohyama, Wataru and Blumenstein, Michael and Found, Bryan},
  booktitle={2013 12th International Conference on Document Analysis and Recognition},
  pages={1477--1483},
  year={2013},
  organization={IEEE}
}

@inproceedings{sigwicomp2015,
  title={{ICDAR2015 competition on signature verification and writer identification for on-and off-line skilled forgeries (SigWIcomp2015)}},
  author={Malik, Muhammad Imran and Ahmed, Sheraz and Marcelli, Angelo and Pal, Umapada and Blumenstein, Michael and Alewijns, Linda and Liwicki, Marcus},
  booktitle={Document Analysis and Recognition (ICDAR), 2015 13th International Conference on},
  pages={1186--1190},
  year={2015},
  organization={IEEE}
}

@article{susig,
  title={{SUSIG: an on-line signature database, associated protocols and benchmark results}},
  author={Kholmatov, Alisher and Yanikoglu, Berrin},
  journal={Pattern Analysis and Applications},
  volume={12},
  number={3},
  pages={227--236},
  year={2009},
  publisher={Springer}
}

@article{cedar,
  title={Offline signature verification and identification using distance statistics},
  author={Kalera, Meenakshi K and Srihari, Sargur and Xu, Aihua},
  journal={International Journal of Pattern Recognition and Artificial Intelligence},
  volume={18},
  number={07},
  pages={1339--1360},
  year={2004},
  publisher={World Scientific}
}

@manual{tobacco,
   TITLE      = {{The Legacy Tobacco Document  Library (LTDL)}},
   ORGANIZATION = {University of California, San Francisco},
   URL        = {http://legacy.library.ucsf.edu/},
   YEAR       = {2007},
}

@inproceedings{biomet,
  title={BIOMET: a multimodal person authentication database including face, voice, fingerprint, hand and signature modalities},
  author={Garcia-Salicetti, Sonia and Beumier, Charles and Chollet, G{\'e}rard and Dorizzi, Bernadette and Les Jardins, Jean Leroux and Lunter, Jan and Ni, Yang and Petrovska-Delacr{\'e}taz, Dijana},
  booktitle={International Conference on Audio-and Video-based Biometric Person Authentication},
  pages={845--853},
  year={2003},
  organization={Springer}
}

@inproceedings{liwicki-sigseg,
  title={Signature segmentation from document images},
  author={Ahmed, Sheraz and Malik, Muhammad Imran and Liwicki, Marcus and Dengel, Andreas},
  booktitle={Frontiers in Handwriting Recognition (ICFHR), 2012 International Conference on},
  pages={425--429},
  year={2012},
  organization={IEEE}
}


@incollection{fierrez2008handbook,
  title={On-line signature verification},
  author={Fierrez, Julian and Ortega-Garcia, Javier},
  booktitle={Handbook of biometrics},
  pages={189--209},
  year={2008},
  publisher={Springer}
}

@article{hafemann2015offline,
  title={Offline handwritten signature verification-literature review},
  author={Hafemann, Luiz G and Sabourin, Robert and Oliveira, Luiz S},
  journal={arXiv preprint arXiv:1507.07909},
  year={2015}
}

@conference {towards2013,
	title = {{Towards Signature Segmentation \& Verification in Real World Applications}},
	author = {Ahmed, Sheraz and Malik, Muhammad Imran and Liwicki, Marcus and Dengel, Andreas},
	booktitle = {Proceedings of the 16th Biennial Conference of the International Graphonomics Society},
	year = {2013},
	pages = {139{\textendash}142}
	
}

@article{uppalapati2007integration,
  title={{Integration of Offline and Online Signature Verification systems}},
  author={Uppalapati, Deepthi},
  journal={Department of Computer Science and Engineering, IIT, Kanpur},
  year={2007}
}

@inproceedings{viard1999ireste,
  title={The ireste on/off (ironoff) dual handwriting database},
  author={Viard-Gaudin, Christian and Lallican, Pierre Michel and Knerr, Stefan and Binter, Philippe},
  booktitle={Document Analysis and Recognition, 1999. ICDAR'99. Proceedings of the Fifth International Conference on},
  pages={455--458},
  year={1999},
  organization={IEEE}
}

@inproceedings{rigoll1998comparison,
  title={A systematic comparison between on-line and off-line methods for signature verification with hidden Markov models},
  author={Rigoll, Gerhard and Kosmala, Andreas},
  booktitle={Pattern Recognition, 1998. Proceedings. Fourteenth International Conference on},
  volume={2},
  pages={1755--1757},
  year={1998},
  organization={IEEE}
}

@article{nel2005estimating,
  title={{Estimating the pen trajectories of static signatures using Hidden Markov models}},
  author={Nel, E-M and Du Preez, Johan A and Herbst, Ben M},
  journal={IEEE transactions on pattern analysis and machine intelligence},
  volume={27},
  number={11},
  pages={1733--1746},
  year={2005},
  publisher={IEEE}
}

@article{zareen2016mobile,
  title={Authentic mobile-biometric signature verification system},
  author={Zareen, Farhana Javed and Jabin, Suraiya},
  journal={IET Biometrics},
  volume={5},
  number={1},
  pages={13--19},
  year={2016},
  publisher={IET}
}

@article{sgnote,
  title={Mobile signature verification: feature robustness and performance comparison},
  author={Martinez-Diaz, Marcos and Fierrez, Julian and Krish, Ram P and Galbally, Javier},
  journal={IET Biometrics},
  volume={3},
  number={4},
  pages={267--277},
  year={2014},
  publisher={IET}
}

@inproceedings{pirlo2015interoperability,
  title={Interoperability of Biometric Systems: Analysis of Geometric Characteristics of Handwritten Signatures},
  author={Pirlo, Giuseppe and Rizzi, Fabrizio and Vacca, Annalisa and Impedovo, Donato},
  booktitle={International Conference on Image Analysis and Processing},
  pages={242--249},
  year={2015},
  organization={Springer}
}

@inproceedings{diaz2014generation,
  title={Generation of enhanced synthetic off-line signatures based on real on-line data},
  author={Diaz-Cabrera, Moises and Gomez-Barrero, Marta and Morales, Aythami and Ferrer, Miguel A and Galbally, Javier},
  booktitle={Frontiers in Handwriting Recognition (ICFHR), 2014 14th International Conference on},
  pages={482--487},
  year={2014},
  organization={IEEE}
}

@inproceedings{qiao2007offline,
  title={Offline signature verification using online handwriting registration},
  author={Qiao, Yu and Liu, Jianzhuang and Tang, Xiaoou},
  booktitle={2007 IEEE Conference on Computer Vision and Pattern Recognition},
  pages={1--8},
  year={2007},
  organization={IEEE}
}